@techreport{Robinson2018,
author = {Peter Robinson},
year = {2018},
type = {Working Paper},
institution = {University of Saskatchewan},
title = {Creating and Implementing an Ontology of Texts, Documents and Works in Complex Textual Traditions},
doi = {https://doi.org/10.5281/zenodo.4006582}
}

@book{Gabler2018,
publisher = {Open Book Publishers},
isbn = {9781783743636},
year = {2018},
title = {Text Genetics in Literary Modernism and Other Essays},
edition = {1},
copyright = {https://creativecommons.org/licenses/by/4.0},
language = {eng},
author = {Walter Gabler, Hans},
}

@article{Eggert2021,
author = {Paul Eggert},
title = {A Wandering Hyphen, the Reader and the Work},
journal = {Textual Cultures},
year = {2021},
volume = {14},
number = {1},
pages = {65-84}
}

@inproceedings{Chamnogrisi2006,
pages = {254--263},
publisher = {Springer Berlin Heidelberg},
booktitle = {Digital Libraries: Achievements, Challenges and Opportunities},
isbn = {3540493751},
year = {2006},
title = {Applying FRBR Model as a Conceptual Model in Development of Metadata for Digitized Thai Palm Leaf Manuscripts},
copyright = {Springer-Verlag Berlin Heidelberg 2006},
language = {eng},
address = {Berlin, Heidelberg},
author = {Chamnongsri, Nisachol and Manmart, Lampang and Wuwongse, Vilas and Jacob, Elin K. and Hunter, Jane and Sugimoto, Shigeo and Morishima, Atsuyuki and Rauber, Andreas},
}

@book{Sicard2017,
  TITLE = {{Corpus Mellin de Saint-Gelais [Base Jonas, IRHT, section romane, CNRS]}},
  AUTHOR = {Sicard, Claire and Joubaud, Pascal},
  URL = {https://hal.science/hal-03499700},
  YEAR = {2017},
  KEYWORDS = {Philologie ; Manuscrit ; Lyrique ; Catalogue ; Base de donn{\'e}es ; XVIe si{\`e}cle ; Po{\'e}sie ; G{\'e}n{\'e}ration Marot},
  HAL_ID = {hal-03499700},
  HAL_VERSION = {v1},
}

@book {JONAS,
author = {{Institut de recherche et d'histoire des textes}},
editor = {Savoye, Marie-Larue},
title = {Jonas},
institution = {Institut de recherche et d'histoire des textes (IRHT)/CNRS},
type = {Database},
issn = {2492-8135},
url = {https://jonas.irht.cnrs.fr},
year = {2024}
}

@book{Handschriftencensus,
author = {{Akademie der Wissenschaften und der Literatur Mainz}},
editor = {Nathanael Busch and Jürgen Wolf},
title = {Handschriftencensus},
institution = {Akademie der Wissenschaften und der Literatur Mainz},
type = {Database},
url = {https://handschriftencensus.de},
year = {2024}
}


@article{Chen2013,
issn = {0022-0418},
journal = {Journal of documentation},
pages = {623--637},
volume = {69},
publisher = {Emerald Group Publishing Limited},
number = {5},
year = {2013},
title = {FRBRoo-based approach to heterogeneous metadata integration},
copyright = {Emerald Group Publishing Limited},
language = {eng},
address = {Bingley},
author = {Chen, Ya-Ning and Ke, Hao-Ren},
}

@article{Burrows2020,
  TITLE = {{Mapping Manuscript Migrations Knowledge Graph}},
  AUTHOR = {Burrows, Toby and Emery, Doug and Fraas, Arthur Mitchell and Hyv{\"o}nen, Eero and Ikkala, Esko and Koho, Mikko and Lewis, David and Morrison, Andrew and Page, Kevin and Ransom, Lynn and Cawlfield-Thomson, Emma and Tuominen, Jouni and Velios, Athanasios and Wijsman, Hanno},
  URL = {https://shs.hal.science/halshs-04339054},
  JOURNAL = {{Journal of Open Humanities Data}},
  PUBLISHER = {{Ubiquity Press}},
  VOLUME = {6},
  NUMBER = {3},
  PAGES = {14},
  YEAR = {2020},
  MONTH = Jun,
  DOI = {10.5334/johd.14},
  HAL_ID = {halshs-04339054},
  HAL_VERSION = {v1},
}

@book{FRBR,
series = {UBCIM Publications. New Series},
abstract = {No detailed description available for "Functional Requirements for Bibliographic Records".},
volume = {19},
publisher = {De Gruyter},
isbn = {9783110962451},
year = {2013},
title = {Functional Requirements for Bibliographic Records: Final Report},
edition = {Reprint 2013.},
language = {eng},
address = {Germany},
author = {IFLA Study Group on the Functional Requirements for Bibliographic Records, Ifla Study and Standing Committee of the IFLA Section on Cataloguing, Standing Committee and IFLA Study Group on the Functional Requirements for Bibliographic Records},
keywords = {Bibliography ; Cataloging ; FRBR (Conceptual model) ; Library & information sciences ; Methodology},
}

@book{LRM,
  AUTHOR= {Riva, Pat and Le Bœuf, Patrick and Žumer, Maja},
  URL = {https://www.ifla.org/files/assets/cataloguing/frbr-lrm/ifla-lrm-august-2017.pdf},
  YEAR = {2017},
  PUBLISHER = {IFLA},
  ADDRESS = {Den Haag, Netherlands},
  TITLE = {IFLA Library Reference Model : A Conceptual Model for Bibliographic Information},
}

@article{FRBRLRM,
  author = {Pat Riva},
  journal = {AIB studi},
  number = {2},
  title = {Il nuovo modello concettuale dell'universo bibliografico: FRBR Library Reference Model},
  volume = {56},
  year = {2016},
  PAGES = {265-275},
  DOI = {10.2426/aibstudi-11480},
}

@misc{SevenSages,
  url={https://www.seven-sages-of-rome.org/},
  journal={The Seven Sages of Rome},
  author={Eming, Jutta and Bildhauer, Bettina},
  year={2023},
}

@article{FRBROO,
  author = {Patrick Le Bœuf},
  journal = {Journal of Archival Organization},
  number = {2},
  title = {Modeling Rare and Unique Documents: Using FRBROO/CIDOC CRM},
  pages = {96-106},
  volume = {10},
  year = {2012},
  doi = {10.1080/15332748.2012.709164},
}

@book{Sahle2013,
       publisher = {BoD},
          author = {Patrick Sahle},
          volume = {9},
         address = {Norderstedt},
            year = {2013},
           title = {Digitale Editionsformen. Zum Umgang mit der {\"U}berlieferung unter den Bedingungen des Medienwandels. Teil 3: Textbegriffe und Recodierung. [Finale Print-Fassung]},
        abstract = {Die wissenschaftliche Edition zielt auf die zuverl{\"a}ssige Wiedergabe des Textes. Aber was ist dieser Text eigentlich? Bei genauerer Betrachtung erlaubt nur ein erweiterter Textbegriff und ein neues pluralistisches Textmodell eine Beschreibung aller textuellen Ph{\"a}nomene, die in einer wissenschaftlichen Edition zu ber{\"u}cksichtigen sind. Auch unsere Technologien und Methodologien der Textcodierung, hier vor allem die Auszeichnungssprachen im Allgemeinen und die Beschreibungsempfehlungen der Text Encoding Initiative (TEI) im Besonderen k{\"o}nnen unter dieser Schablone genauer beschrieben und hinsichtlich ihrer Grenzen charakterisiert werden. Schlie{\ss}lich erlaubt das pluralistische Textmodell auch die pr{\"a}zisere theoretische Fundierung jener Prozesse, die als "Transkription" Grundlage und Herzst{\"u}ck einer jeden wissenschaftlichen Edition sind.},
             url = {https://kups.ub.uni-koeln.de/5353/}
}

@inbook{Sahle2023,
  author       = {Schmidt, Johannes and Sahle, Patrick},
  booktitle    = {Der Text und seine (Re)Produktion},
  editor       = {Fröhlich, Niklas and Politycki, Bastian and Schäfer, Dirk and Sonder, Annkathrin},
  isbn         = {978-3-11-099882-5},
  pages        = {107--134},
  publisher    = {De Gruyter},
  title        = {{Das Werk des Soziologen – Ist da ein Text in diesem Nachlass?}},
  url          = {https://pub.uni-bielefeld.de/record/2986576},
  doi          = {10.1515/9783111006147-008},
  volume       = {55},
  year         = {2023},
}

@article{SemanticWeb2024,
author = {Anelia Kurteva and Kathleen McMahon and Alessandro Bozzon and Ruud Balkenende},
title ={Semantic Web and its role in facilitating ICT data sharing for the circular economy: An ontology survey},
journal = {Semantic Web},
volume = {15},
number = {5},
pages = {2035-2067},
year = {2024},
doi = {10.3233/SW-243586},
URL = {https://journals.sagepub.com/doi/abs/10.3233/SW-243586},
eprint = {https://journals.sagepub.com/doi/pdf/10.3233/SW-243586}
}

@inproceedings{Ficher2021,
  TITLE = {{Assessing the carbon footprint of the data transmission on a backbone network}},
  AUTHOR = {Ficher, Marion and Berthoud, Fran{\c c}oise and Ligozat, Anne-Laure and Sigonneau, Patrick and Wissl{\'e}, Maxime and Tebbani, Badis},
  URL = {https://hal.science/hal-03196527},
  BOOKTITLE = {{2021 24th Conference on Innovation in Clouds, Internet and Networks and Workshops (ICIN)}},
  ADDRESS = {Paris, France},
  YEAR = {2021},
  MONTH = Mar,
  KEYWORDS = {Life Cycle Assessment ; Carbon Footprint ; Backbone Network Metrology},
  PDF = {https://hal.science/hal-03196527v1/file/article_Renater_stage_Marion.pdf},
  HAL_ID = {hal-03196527},
  HAL_VERSION = {v1},
}

@article{FRBR-ML,
author = {Naimdjon Takhirov and Trond Aalberg and Fabien Duchateau and Maja Žumer},
title ={FRBR-ML: A FRBR-based framework for semantic interoperability},
journal = {Semantic Web},
volume = {3},
number = {1},
pages = {23-43},
year = {2012},
doi = {10.3233/SW-2012-0044},
URL = {https://journals.sagepub.com/doi/abs/10.3233/SW-2012-0044},
eprint = {https://journals.sagepub.com/doi/pdf/10.3233/SW-2012-0044}
}